@article{kossmann2000state,
  title={The state of the art in distributed query processing},
  author={Kossmann, Donald},
  journal={ACM Computing Surveys (CSUR)},
  volume={32},
  number={4},
  pages={422--469},
  year={2000},
  publisher={ACM}
}

@article{lin2011tenzing,
  title={Tenzing a sql implementation on the mapreduce framework},
  author={Lin, Liang and Lychagina, Vera and Liu, Weiran and Kwon, Younghee and Mittal, Sagar and Wong, Michael},
  year={2011},
  publisher={Citeseer}
}

